<record><leader>00000cas a22000007a 4500</leader><controlfield tag="001">17655903</controlfield><controlfield tag="008">880321d183918uuohuwr ne      0    0eng d</controlfield><datafield ind1=" " ind2=" " tag="010"><subfield code="a">sn 88077290 </subfield></datafield><datafield ind1=" " ind2=" " tag="040"><subfield code="a">ONP</subfield><subfield code="b">eng</subfield><subfield code="c">ONP</subfield><subfield code="d">OCLCQ</subfield></datafield><datafield ind1=" " ind2=" " tag="042"><subfield code="a">msc</subfield></datafield><datafield ind1="0" ind2="0" tag="245"><subfield code="a">Sidney Aurora.</subfield></datafield><datafield ind1=" " ind2=" " tag="260"><subfield code="a">Sidney, Shelby County, Ohio :</subfield><subfield code="b">Joel Mayne</subfield></datafield><datafield ind1=" " ind2=" " tag="310"><subfield code="a">Weekly</subfield></datafield><datafield ind1="1" ind2=" " tag="362"><subfield code="a">Began in 1839?</subfield></datafield><datafield ind1=" " ind2=" " tag="588"><subfield code="a">Description based on: Vol. 3, no. (Dec. 25, 1841).</subfield></datafield><datafield ind1=" " ind2=" " tag="752"><subfield code="a">United States</subfield><subfield code="b">Ohio</subfield><subfield code="c">Shelby</subfield><subfield code="d">Sidney.</subfield></datafield><datafield ind1="0" ind2="0" tag="785"><subfield code="t">Sidney Aurora and Shelby County Whig banner</subfield><subfield code="w">(DLC)sn 88077291</subfield></datafield></record>